<?xml version="1.0" encoding="UTF-8"?><record xmlns="http://www.loc.gov/MARC21/slim" xmlns:cinclude="http://apache.org/cocoon/include/1.0" xmlns:zs="http://www.loc.gov/zing/srw/">
  <leader>00476cz  a2200133n  4500</leader>
  <controlfield tag="001">n  77002874 </controlfield>
  <controlfield tag="003">DLC</controlfield>
  <controlfield tag="005">19910301174458.7</controlfield>
  <controlfield tag="008">770610n| acannaab|          |a ana |||  </controlfield>
  <datafield tag="010" ind1=" " ind2=" ">
    <subfield code="a">n  77002874 </subfield>
  </datafield>
  <datafield tag="040" ind1=" " ind2=" ">
    <subfield code="a">DLC</subfield>
    <subfield code="c">DLC</subfield>
    <subfield code="d">DLC-S</subfield>
  </datafield>
  <datafield tag="110" ind1="2" ind2="0">
    <subfield code="a">National Maritime Historical Society (U.S.)</subfield>
  </datafield>
  <datafield tag="410" ind1="2" ind2="0">
    <subfield code="w">nna</subfield>
    <subfield code="a">National Maritime Historical Society</subfield>
  </datafield>
  <datafield tag="670" ind1=" " ind2=" ">
    <subfield code="a">Sea history, winter 1977 (a.e.)</subfield>
    <subfield code="b">t.p. (National Maritime Historical Society) p. 1 (Offices in New York, Washington &amp; San Francisco)</subfield>
  </datafield>
</record>